<?xml version = "1.0" encoding = "UTF-8"?><record>
  <leader>02601nas#a2200697#ca4500</leader>
  <controlfield tag="005">20210109200455.0</controlfield>
  <controlfield tag="007">tu</controlfield>
  <controlfield tag="008">991119m19512007ne##|#p#######|####|ger#c</controlfield>
  <controlfield tag="001">990054039330206441</controlfield>
  <datafield tag="015" ind1=" " ind2=" ">
    <subfield code="a">08,A28,0079</subfield>
    <subfield code="2">dnb</subfield>
  </datafield>
  <datafield tag="016" ind1="7" ind2=" ">
    <subfield code="a">011261641</subfield>
    <subfield code="2">DE-101b</subfield>
  </datafield>
  <datafield tag="016" ind1="7" ind2=" ">
    <subfield code="a">215539-4</subfield>
    <subfield code="2">DE-600</subfield>
  </datafield>
  <datafield tag="016" ind1="7" ind2=" ">
    <subfield code="a">961354457</subfield>
    <subfield code="2">OCoLC</subfield>
  </datafield>
  <datafield tag="022" ind1=" " ind2=" ">
    <subfield code="a">0008-7556</subfield>
    <subfield code="0">(uri) http://worldcat.org/issn/0008-7556</subfield>
  </datafield>
  <datafield tag="035" ind1=" " ind2=" ">
    <subfield code="a">(DE-605)HT001357180</subfield>
  </datafield>
  <datafield tag="035" ind1=" " ind2=" ">
    <subfield code="a">(DE-600)215539-4</subfield>
  </datafield>
  <datafield tag="035" ind1=" " ind2=" ">
    <subfield code="a">(OCoLC)961354457</subfield>
    <subfield code="0">(uri) http://www.worldcat.org/oclc/961354457</subfield>
  </datafield>
  <datafield tag="035" ind1=" " ind2=" ">
    <subfield code="a">(DE-599)ZDB215539-4</subfield>
  </datafield>
  <datafield tag="040" ind1=" " ind2=" ">
    <subfield code="a">9001</subfield>
    <subfield code="b">ger</subfield>
    <subfield code="c">DNB</subfield>
    <subfield code="d">1241</subfield>
  </datafield>
  <datafield tag="041" ind1=" " ind2=" ">
    <subfield code="a">ger</subfield>
  </datafield>
  <datafield tag="044" ind1=" " ind2=" ">
    <subfield code="c">XA-NL</subfield>
  </datafield>
  <datafield tag="084" ind1=" " ind2=" ">
    <subfield code="a">AVL</subfield>
    <subfield code="q">DE-30</subfield>
    <subfield code="2">fid</subfield>
  </datafield>
  <datafield tag="084" ind1=" " ind2=" ">
    <subfield code="a">100</subfield>
    <subfield code="a">700</subfield>
    <subfield code="a">800</subfield>
    <subfield code="q">DE-101</subfield>
    <subfield code="2">sdnb</subfield>
  </datafield>
  <datafield tag="084" ind1=" " ind2=" ">
    <subfield code="a">050</subfield>
    <subfield code="a">800</subfield>
    <subfield code="q">DE-600</subfield>
    <subfield code="2">zdbs</subfield>
  </datafield>
  <datafield tag="084" ind1=" " ind2=" ">
    <subfield code="a">AZ 10000</subfield>
    <subfield code="2">rvk</subfield>
  </datafield>
  <datafield tag="084" ind1=" " ind2=" ">
    <subfield code="a">GB 1724</subfield>
    <subfield code="2">rvk</subfield>
  </datafield>
  <datafield tag="090" ind1=" " ind2=" ">
    <subfield code="n">fr</subfield>
  </datafield>
  <datafield tag="245" ind1="0" ind2="0">
    <subfield code="a">Castrvm peregrini</subfield>
    <subfield code="b">Zeitschrift f&#252;r Literatur, Kunst- und Geistesgeschichte</subfield>
    <subfield code="c">hrsg. von der Stichting Castrum Peregrini</subfield>
  </datafield>
  <datafield tag="246" ind1="3" ind2=" ">
    <subfield code="a">Castrum peregrini</subfield>
  </datafield>
  <datafield tag="264" ind1="3" ind2="1">
    <subfield code="a">Amsterdam</subfield>
    <subfield code="b">Castrvm-Peregrini-Press</subfield>
    <subfield code="c">1951-2007</subfield>
  </datafield>
  <datafield tag="264" ind1="2" ind2="1">
    <subfield code="a">Den Haag</subfield>
    <subfield code="b">Boucher</subfield>
    <subfield code="c">anfangs</subfield>
  </datafield>
  <datafield tag="300" ind1=" " ind2=" ">
    <subfield code="c">24 cm</subfield>
  </datafield>
  <datafield tag="336" ind1=" " ind2=" ">
    <subfield code="b">txt</subfield>
  </datafield>
  <datafield tag="337" ind1=" " ind2=" ">
    <subfield code="b">n</subfield>
  </datafield>
  <datafield tag="338" ind1=" " ind2=" ">
    <subfield code="b">nc</subfield>
  </datafield>
  <datafield tag="362" ind1="0" ind2=" ">
    <subfield code="a">Nr. 1.1951 - 134/135.1978; Jg. 28.1979 - 56.2007 = Nr. 136/137-279/280; damit Ersch. eingest.</subfield>
  </datafield>
  <datafield tag="363" ind1="0" ind2="0">
    <subfield code="8">1.1\x</subfield>
    <subfield code="i">1951</subfield>
  </datafield>
  <datafield tag="363" ind1="1" ind2="0">
    <subfield code="8">1.2\x</subfield>
    <subfield code="i">2007</subfield>
  </datafield>
  <datafield tag="500" ind1=" " ind2=" ">
    <subfield code="a">Anfangs ohne Zusatz</subfield>
    <subfield code="9">F:501</subfield>
  </datafield>
  <datafield tag="515" ind1=" " ind2=" ">
    <subfield code="a">Ersch. 5x j&#228;hrl.</subfield>
  </datafield>
  <datafield tag="555" ind1=" " ind2=" ">
    <subfield code="a">Index 1/50.1951/61 in: 50.1961; 1/100.1951/71 in: 100.1971; 101/110.1972/73 in: 110.1973; 1/150.1951/81 in: 150.1981; 171/180.1986/87 in: 180.1987; 1/200.1951/91=201.1992; 201/210.1992/93 in: 210.1993; 211/220.1994/95 in: 220:1995; Jg. 33/34.1984/85 in: 34.1985; 43/44.1994/95 in: 44.1995; Gesamt-Reg. Jg. 1/50=H. 1/250.1951/2001</subfield>
  </datafield>
  <datafield tag="591" ind1=" " ind2=" ">
    <subfield code="a">24!IIA!se-&#196;nderung466!zs-&#196;nderung46!(25-04-08)</subfield>
  </datafield>
  <datafield tag="655" ind1=" " ind2="7">
    <subfield code="a">Zeitschrift</subfield>
    <subfield code="0">(DE-588)4067488-5</subfield>
    <subfield code="2">gnd-content</subfield>
    <subfield code="B">GND-040674886</subfield>
  </datafield>
  <datafield tag="689" ind1="0" ind2="0">
    <subfield code="a">Kunst</subfield>
    <subfield code="D">s</subfield>
    <subfield code="0">(DE-588)4114333-4</subfield>
    <subfield code="0">(uri) https://portal.dnb.de/opac.htm?method=simpleSearch&amp;cqlMode=true&amp;query=idn=041143337</subfield>
    <subfield code="0">(uri) http://viaf.org/viaf/sourceID/DNB|041143337</subfield>
  </datafield>
  <datafield tag="689" ind1="0" ind2="1">
    <subfield code="a">Geschichte</subfield>
    <subfield code="A">z</subfield>
  </datafield>
  <datafield tag="689" ind1="0" ind2="2">
    <subfield code="a">Zeitschrift</subfield>
    <subfield code="A">f</subfield>
  </datafield>
  <datafield tag="689" ind1="0" ind2=" ">
    <subfield code="5">ZDB</subfield>
  </datafield>
  <datafield tag="689" ind1="1" ind2="0">
    <subfield code="a">Geistesgeschichte</subfield>
    <subfield code="D">s</subfield>
    <subfield code="0">(DE-588)4071653-3</subfield>
    <subfield code="0">(uri) https://portal.dnb.de/opac.htm?method=simpleSearch&amp;cqlMode=true&amp;query=idn=040716538</subfield>
    <subfield code="0">(uri) http://viaf.org/viaf/sourceID/DNB|040716538</subfield>
    <subfield code="B">GND-040716538</subfield>
  </datafield>
  <datafield tag="689" ind1="1" ind2="1">
    <subfield code="a">Zeitschrift</subfield>
    <subfield code="A">f</subfield>
  </datafield>
  <datafield tag="689" ind1="1" ind2=" ">
    <subfield code="5">ZDB</subfield>
  </datafield>
  <datafield tag="689" ind1="2" ind2="0">
    <subfield code="a">Literatur</subfield>
    <subfield code="D">s</subfield>
    <subfield code="0">(DE-588)4035964-5</subfield>
    <subfield code="0">(uri) https://portal.dnb.de/opac.htm?method=simpleSearch&amp;cqlMode=true&amp;query=idn=040359646</subfield>
    <subfield code="0">(uri) http://viaf.org/viaf/sourceID/DNB|040359646</subfield>
    <subfield code="B">GND-040359646</subfield>
  </datafield>
  <datafield tag="689" ind1="2" ind2="1">
    <subfield code="a">Zeitschrift</subfield>
    <subfield code="A">f</subfield>
  </datafield>
  <datafield tag="689" ind1="2" ind2=" ">
    <subfield code="5">ZDB</subfield>
  </datafield>
  <datafield tag="689" ind1="3" ind2="0">
    <subfield code="a">Kunst</subfield>
    <subfield code="D">s</subfield>
    <subfield code="0">(DE-588)4114333-4</subfield>
    <subfield code="0">(uri) https://portal.dnb.de/opac.htm?method=simpleSearch&amp;cqlMode=true&amp;query=idn=041143337</subfield>
    <subfield code="0">(uri) http://viaf.org/viaf/sourceID/DNB|041143337</subfield>
  </datafield>
  <datafield tag="689" ind1="3" ind2="1">
    <subfield code="a">Geschichte</subfield>
    <subfield code="A">z</subfield>
  </datafield>
  <datafield tag="689" ind1="3" ind2="2">
    <subfield code="a">Zeitschrift</subfield>
    <subfield code="A">f</subfield>
  </datafield>
  <datafield tag="689" ind1="3" ind2=" ">
    <subfield code="5">ZDB</subfield>
  </datafield>
  <datafield tag="787" ind1="0" ind2="8">
    <subfield code="i">111/113=18; 123/125-126/128=24 von</subfield>
    <subfield code="a">University of London / Institute of Germanic Studies</subfield>
    <subfield code="t">Publications of the Institute of Germanic Studies</subfield>
    <subfield code="d">[Wechselnde Verlagsorte und Verleger], 1972-1993</subfield>
    <subfield code="x">0076-0811</subfield>
    <subfield code="w">(DE-605)HT011183867</subfield>
  </datafield>
  <datafield tag="964" ind1="0" ind2="s">
    <subfield code="F">030</subfield>
    <subfield code="A">a||u|||||||37</subfield>
  </datafield>
  <datafield tag="964" ind1="0" ind2="s">
    <subfield code="F">050</subfield>
    <subfield code="A">a|a|||||||||||</subfield>
  </datafield>
  <datafield tag="964" ind1="0" ind2="s">
    <subfield code="F">052</subfield>
    <subfield code="A">p||||||tz||||||</subfield>
  </datafield>
  <datafield tag="MBD" ind1=" " ind2=" ">
    <subfield code="M">49HBZ_NETWORK</subfield>
    <subfield code="i">990054039330206441</subfield>
    <subfield code="n">HBZ Network</subfield>
  </datafield>
  <datafield tag="MBD" ind1=" " ind2=" ">
    <subfield code="M">49HBZ_WUP</subfield>
    <subfield code="i">990003282880206447</subfield>
    <subfield code="n">Bergische Universit&#228;t Wuppertal</subfield>
  </datafield>
  <datafield tag="500" ind1=" " ind2=" ">
    <subfield code="a">Anfangs ohne Zusatz</subfield>
    <subfield code="9">F:501</subfield>
    <subfield code="M">49HBZ_WUP</subfield>
  </datafield>
  <datafield tag="MBD" ind1=" " ind2=" ">
    <subfield code="M">49HBZ_UBD</subfield>
    <subfield code="i">991006588709706445</subfield>
    <subfield code="n">Technische Universit&#228;t Dortmund</subfield>
  </datafield>
  <datafield tag="500" ind1=" " ind2=" ">
    <subfield code="a">Anfangs ohne Zusatz</subfield>
    <subfield code="9">F:501</subfield>
    <subfield code="M">49HBZ_UBD</subfield>
  </datafield>
  <datafield tag="980" ind1="1" ind2=" ">
    <subfield code="e">HBZ</subfield>
    <subfield code="9">LOCAL</subfield>
    <subfield code="M">49HBZ_UBD</subfield>
  </datafield>
  <datafield tag="981" ind1=" " ind2=" ">
    <subfield code="a">(DE-290)1018851</subfield>
    <subfield code="9">LOCAL</subfield>
    <subfield code="M">49HBZ_UBD</subfield>
  </datafield>
  <datafield tag="997" ind1=" " ind2=" ">
    <subfield code="a">20021007</subfield>
    <subfield code="9">LOCAL</subfield>
    <subfield code="M">49HBZ_UBD</subfield>
  </datafield>
  <datafield tag="MBD" ind1=" " ind2=" ">
    <subfield code="M">49HBZ_BIE</subfield>
    <subfield code="i">991004786889706442</subfield>
    <subfield code="n">Universit&#228;t Bielefeld</subfield>
  </datafield>
  <datafield tag="500" ind1=" " ind2=" ">
    <subfield code="a">Anfangs ohne Zusatz</subfield>
    <subfield code="9">F:501</subfield>
    <subfield code="M">49HBZ_BIE</subfield>
  </datafield>
  <datafield tag="980" ind1="1" ind2=" ">
    <subfield code="e">HBZ</subfield>
    <subfield code="9">LOCAL</subfield>
    <subfield code="M">49HBZ_BIE</subfield>
  </datafield>
  <datafield tag="981" ind1=" " ind2=" ">
    <subfield code="a">(DE-361)257546</subfield>
    <subfield code="9">LOCAL</subfield>
    <subfield code="M">49HBZ_BIE</subfield>
  </datafield>
  <datafield tag="989" ind1=" " ind2=" ">
    <subfield code="a">Weitere Standortangaben beim Band</subfield>
    <subfield code="9">LOCAL</subfield>
    <subfield code="M">49HBZ_BIE</subfield>
  </datafield>
  <datafield tag="997" ind1=" " ind2=" ">
    <subfield code="a">20020120</subfield>
    <subfield code="9">LOCAL</subfield>
    <subfield code="M">49HBZ_BIE</subfield>
  </datafield>
  <datafield tag="MBD" ind1=" " ind2=" ">
    <subfield code="M">49HBZ_UDE</subfield>
    <subfield code="i">990002703900206446</subfield>
    <subfield code="n">Universit&#228;t Duisburg-Essen</subfield>
  </datafield>
  <datafield tag="500" ind1=" " ind2=" ">
    <subfield code="a">Anfangs ohne Zusatz</subfield>
    <subfield code="9">F:501</subfield>
    <subfield code="M">49HBZ_UDE</subfield>
  </datafield>
  <datafield tag="MBD" ind1=" " ind2=" ">
    <subfield code="M">49HBZ_DUE</subfield>
    <subfield code="i">990002561300206443</subfield>
    <subfield code="n">Universit&#228;t D&#252;sseldorf</subfield>
  </datafield>
  <datafield tag="500" ind1=" " ind2=" ">
    <subfield code="a">Anfangs ohne Zusatz</subfield>
    <subfield code="9">F:501</subfield>
    <subfield code="M">49HBZ_DUE</subfield>
  </datafield>
  <datafield tag="996" ind1=" " ind2=" ">
    <subfield code="a">Geschichte</subfield>
    <subfield code="9">LOCAL</subfield>
    <subfield code="M">49HBZ_DUE</subfield>
  </datafield>
  <datafield tag="996" ind1=" " ind2=" ">
    <subfield code="s">Kunst</subfield>
    <subfield code="0">(DE-588)4114333-4</subfield>
    <subfield code="9">LOCAL</subfield>
    <subfield code="M">49HBZ_DUE</subfield>
  </datafield>
  <datafield tag="996" ind1=" " ind2=" ">
    <subfield code="s">Legionslager</subfield>
    <subfield code="0">(DE-588)4125190-8</subfield>
    <subfield code="9">LOCAL</subfield>
    <subfield code="M">49HBZ_DUE</subfield>
  </datafield>
  <datafield tag="996" ind1=" " ind2=" ">
    <subfield code="s">Literatur</subfield>
    <subfield code="0">(DE-588)4035964-5</subfield>
    <subfield code="9">LOCAL</subfield>
    <subfield code="M">49HBZ_DUE</subfield>
  </datafield>
  <datafield tag="996" ind1=" " ind2=" ">
    <subfield code="s">Zeitschrift</subfield>
    <subfield code="0">(DE-588)4067488-5</subfield>
    <subfield code="9">LOCAL</subfield>
    <subfield code="M">49HBZ_DUE</subfield>
  </datafield>
  <datafield tag="996" ind1=" " ind2=" ">
    <subfield code="a">Geist</subfield>
    <subfield code="9">LOCAL</subfield>
    <subfield code="M">49HBZ_DUE</subfield>
  </datafield>
  <datafield tag="996" ind1=" " ind2=" ">
    <subfield code="a">Kunstgeschichte</subfield>
    <subfield code="9">LOCAL</subfield>
    <subfield code="M">49HBZ_DUE</subfield>
  </datafield>
  <datafield tag="MNG" ind1=" " ind2=" ">
    <subfield code="c">System</subfield>
    <subfield code="f">ILS</subfield>
    <subfield code="i">marc21</subfield>
    <subfield code="k">01</subfield>
    <subfield code="e">false</subfield>
    <subfield code="d">2021-01-09 20:04:55 Europe/Berlin</subfield>
    <subfield code="g">005403933-HBZ01</subfield>
    <subfield code="j">90</subfield>
    <subfield code="a">import</subfield>
    <subfield code="b">2020-11-22 17:06:02 Europe/Berlin</subfield>
  </datafield>
  <datafield tag="H52" ind1="8" ind2="1">
    <subfield code="b">W0001</subfield>
    <subfield code="c">UNASSIGNED</subfield>
    <subfield code="8">2272369360006447</subfield>
  </datafield>
  <datafield tag="HOL" ind1=" " ind2=" ">
    <subfield code="b">2020-11-19 11:31:35</subfield>
    <subfield code="8">2272369360006447</subfield>
    <subfield code="M">49HBZ_WUP</subfield>
    <subfield code="g">false</subfield>
    <subfield code="a">import</subfield>
  </datafield>
  <datafield tag="ITM" ind1=" " ind2=" ">
    <subfield code="H">2272369360006447</subfield>
    <subfield code="x">UNASSIGNED</subfield>
    <subfield code="f">ISSUE</subfield>
    <subfield code="v">UNASSIGNED</subfield>
    <subfield code="p">32</subfield>
    <subfield code="X">System</subfield>
    <subfield code="U">2007-03-20 10:59:00</subfield>
    <subfield code="Y">2020-11-19 11:32:32</subfield>
    <subfield code="h">false</subfield>
    <subfield code="M">49HBZ_WUP</subfield>
    <subfield code="s">1</subfield>
    <subfield code="d">8</subfield>
    <subfield code="V">import</subfield>
    <subfield code="b">949782-150</subfield>
    <subfield code="a">2372369300006447</subfield>
    <subfield code="D">20181011</subfield>
    <subfield code="q">56(2007),276/77</subfield>
    <subfield code="W">2020-11-19 11:31:35</subfield>
    <subfield code="u">W0001</subfield>
    <subfield code="w">W0001</subfield>
  </datafield>
  <datafield tag="ITM" ind1=" " ind2=" ">
    <subfield code="H">2272369360006447</subfield>
    <subfield code="x">UNASSIGNED</subfield>
    <subfield code="f">ISSUE</subfield>
    <subfield code="v">UNASSIGNED</subfield>
    <subfield code="p">32</subfield>
    <subfield code="X">System</subfield>
    <subfield code="U">2007-06-29 10:59:00</subfield>
    <subfield code="Y">2020-11-19 11:32:32</subfield>
    <subfield code="h">false</subfield>
    <subfield code="M">49HBZ_WUP</subfield>
    <subfield code="s">1</subfield>
    <subfield code="d">8</subfield>
    <subfield code="V">import</subfield>
    <subfield code="b">949782-140</subfield>
    <subfield code="a">2372369330006447</subfield>
    <subfield code="D">20181011</subfield>
    <subfield code="q">56(2007),278</subfield>
    <subfield code="W">2020-11-19 11:31:35</subfield>
    <subfield code="u">W0001</subfield>
    <subfield code="w">W0001</subfield>
  </datafield>
  <datafield tag="ITM" ind1=" " ind2=" ">
    <subfield code="H">2272369360006447</subfield>
    <subfield code="x">UNASSIGNED</subfield>
    <subfield code="f">ISSUE</subfield>
    <subfield code="v">UNASSIGNED</subfield>
    <subfield code="p">32</subfield>
    <subfield code="X">System</subfield>
    <subfield code="U">2007-12-13 10:59:00</subfield>
    <subfield code="Y">2020-11-19 11:32:32</subfield>
    <subfield code="h">false</subfield>
    <subfield code="M">49HBZ_WUP</subfield>
    <subfield code="s">1</subfield>
    <subfield code="d">8</subfield>
    <subfield code="V">import</subfield>
    <subfield code="b">949782-130</subfield>
    <subfield code="a">2372369340006447</subfield>
    <subfield code="D">20181011</subfield>
    <subfield code="q">56(2007),279/280 = letztes Heft</subfield>
    <subfield code="W">2020-11-19 11:31:35</subfield>
    <subfield code="u">W0001</subfield>
    <subfield code="w">W0001</subfield>
  </datafield>
  <datafield tag="ITM" ind1=" " ind2=" ">
    <subfield code="H">2272369360006447</subfield>
    <subfield code="x">UNASSIGNED</subfield>
    <subfield code="f">ISSUE</subfield>
    <subfield code="v">UNASSIGNED</subfield>
    <subfield code="p">32</subfield>
    <subfield code="X">System</subfield>
    <subfield code="U">2018-10-11 10:59:00</subfield>
    <subfield code="Y">2020-11-19 11:32:32</subfield>
    <subfield code="h">false</subfield>
    <subfield code="M">49HBZ_WUP</subfield>
    <subfield code="s">1</subfield>
    <subfield code="d">8</subfield>
    <subfield code="V">import</subfield>
    <subfield code="b">949782-120</subfield>
    <subfield code="a">2372369350006447</subfield>
    <subfield code="B">Z76/732</subfield>
    <subfield code="D">20181011</subfield>
    <subfield code="q">Abo, Bestand cplt. ausgesondert 10.10.2018</subfield>
    <subfield code="W">2020-11-19 11:31:35</subfield>
    <subfield code="u">W0001</subfield>
    <subfield code="w">W0001</subfield>
  </datafield>
  <datafield tag="H16" ind1="7" ind2=" ">
    <subfield code="a">215539-4</subfield>
    <subfield code="2">DE-600</subfield>
    <subfield code="8">22142082260006442</subfield>
  </datafield>
  <datafield tag="H35" ind1=" " ind2=" ">
    <subfield code="a">(DE-600)081300344</subfield>
    <subfield code="8">22142082260006442</subfield>
  </datafield>
  <datafield tag="H35" ind1=" " ind2=" ">
    <subfield code="a">(DE-361)081300344-49hbz_bie</subfield>
    <subfield code="8">22142082260006442</subfield>
  </datafield>
  <datafield tag="H92" ind1=" " ind2=" ">
    <subfield code="a">481000-4</subfield>
    <subfield code="d">361</subfield>
    <subfield code="k">NRW</subfield>
    <subfield code="l">a</subfield>
    <subfield code="o">c</subfield>
    <subfield code="8">22142082260006442</subfield>
  </datafield>
  <datafield tag="H52" ind1=" " ind2=" ">
    <subfield code="b">UB_BI</subfield>
    <subfield code="c">15_Zs</subfield>
    <subfield code="8">1</subfield>
    <subfield code="h">15 NA000 C230</subfield>
    <subfield code="9">00</subfield>
    <subfield code="8">22142082260006442</subfield>
  </datafield>
  <datafield tag="H59" ind1="0" ind2="0">
    <subfield code="8">1.1\x</subfield>
    <subfield code="a">1</subfield>
    <subfield code="i">1951</subfield>
    <subfield code="8">22142082260006442</subfield>
  </datafield>
  <datafield tag="H59" ind1="1" ind2="0">
    <subfield code="8">1.2\x</subfield>
    <subfield code="a">279/80</subfield>
    <subfield code="i">2007</subfield>
    <subfield code="8">22142082260006442</subfield>
  </datafield>
  <datafield tag="H66" ind1="3" ind2="0">
    <subfield code="a">1.1951 - 279/80.2007</subfield>
    <subfield code="8">22142082260006442</subfield>
  </datafield>
  <datafield tag="HOL" ind1=" " ind2=" ">
    <subfield code="b">2020-11-22 19:35:07</subfield>
    <subfield code="8">22142082260006442</subfield>
    <subfield code="M">49HBZ_BIE</subfield>
    <subfield code="g">false</subfield>
    <subfield code="a">import</subfield>
  </datafield>
  <datafield tag="H16" ind1="7" ind2=" ">
    <subfield code="a">215539-4</subfield>
    <subfield code="2">DE-600</subfield>
    <subfield code="8">22179396180006446</subfield>
  </datafield>
  <datafield tag="H35" ind1=" " ind2=" ">
    <subfield code="a">(DE-600)017009359</subfield>
    <subfield code="8">22179396180006446</subfield>
  </datafield>
  <datafield tag="H92" ind1=" " ind2=" ">
    <subfield code="a">411000-6</subfield>
    <subfield code="k">NRW</subfield>
    <subfield code="l">a</subfield>
    <subfield code="o">b</subfield>
    <subfield code="p">x</subfield>
    <subfield code="8">22179396180006446</subfield>
  </datafield>
  <datafield tag="H52" ind1="8" ind2="1">
    <subfield code="a">DE-464</subfield>
    <subfield code="b">D0001</subfield>
    <subfield code="c">D00</subfield>
    <subfield code="h">01 Z 546</subfield>
    <subfield code="8">22179396180006446</subfield>
  </datafield>
  <datafield tag="H59" ind1="0" ind2="0">
    <subfield code="8">1.1\x</subfield>
    <subfield code="a">1</subfield>
    <subfield code="i">1951</subfield>
    <subfield code="8">22179396180006446</subfield>
  </datafield>
  <datafield tag="H59" ind1="1" ind2="0">
    <subfield code="8">1.2\x</subfield>
    <subfield code="a">135</subfield>
    <subfield code="i">1978</subfield>
    <subfield code="8">22179396180006446</subfield>
  </datafield>
  <datafield tag="H59" ind1="0" ind2="0">
    <subfield code="8">2.1\x</subfield>
    <subfield code="a">28</subfield>
    <subfield code="i">1979</subfield>
    <subfield code="8">22179396180006446</subfield>
  </datafield>
  <datafield tag="H59" ind1="1" ind2="0">
    <subfield code="8">2.2\x</subfield>
    <subfield code="a">56</subfield>
    <subfield code="i">2007</subfield>
    <subfield code="8">22179396180006446</subfield>
  </datafield>
  <datafield tag="H66" ind1=" " ind2="0">
    <subfield code="a">Nr.</subfield>
    <subfield code="8">22179396180006446</subfield>
  </datafield>
  <datafield tag="H66" ind1="3" ind2="0">
    <subfield code="a">1.1951 - 135.1978; Jg. 28.1979=H. 136/137 - 56.2007=H. 279/280</subfield>
    <subfield code="8">22179396180006446</subfield>
  </datafield>
  <datafield tag="HOL" ind1=" " ind2=" ">
    <subfield code="b">2020-11-17 19:58:15</subfield>
    <subfield code="8">22179396180006446</subfield>
    <subfield code="M">49HBZ_UDE</subfield>
    <subfield code="g">false</subfield>
    <subfield code="a">import</subfield>
  </datafield>
  <datafield tag="ITM" ind1=" " ind2=" ">
    <subfield code="H">22179396180006446</subfield>
    <subfield code="x">D00</subfield>
    <subfield code="f">ISSBD</subfield>
    <subfield code="v">D00</subfield>
    <subfield code="p">30</subfield>
    <subfield code="X">System</subfield>
    <subfield code="U">2007-12-18 10:59:00</subfield>
    <subfield code="Y">2021-04-07 16:05:57</subfield>
    <subfield code="h">false</subfield>
    <subfield code="e">00001</subfield>
    <subfield code="n">01Z546_d</subfield>
    <subfield code="P">33/d//</subfield>
    <subfield code="j">279/280</subfield>
    <subfield code="i">56</subfield>
    <subfield code="k">2007</subfield>
    <subfield code="M">49HBZ_UDE</subfield>
    <subfield code="s">1</subfield>
    <subfield code="d">8</subfield>
    <subfield code="V">import</subfield>
    <subfield code="F">damit eingestellt.</subfield>
    <subfield code="L">jedes Heft gilt als kompl Band</subfield>
    <subfield code="b">955092-280</subfield>
    <subfield code="a">23179395920006446</subfield>
    <subfield code="t">8</subfield>
    <subfield code="c">01 Z 546</subfield>
    <subfield code="q">Bd. 56 (2007), H. 279/280</subfield>
    <subfield code="W">2020-11-17 19:58:15</subfield>
    <subfield code="u">D0001</subfield>
    <subfield code="w">D0001</subfield>
  </datafield>
  <datafield tag="ITM" ind1=" " ind2=" ">
    <subfield code="H">22179396180006446</subfield>
    <subfield code="x">D00</subfield>
    <subfield code="f">ISSBD</subfield>
    <subfield code="v">D00</subfield>
    <subfield code="p">30</subfield>
    <subfield code="X">System</subfield>
    <subfield code="U">2007-07-02 10:59:00</subfield>
    <subfield code="Y">2021-04-07 16:06:01</subfield>
    <subfield code="h">false</subfield>
    <subfield code="e">00001</subfield>
    <subfield code="n">01Z546_d</subfield>
    <subfield code="P">33/d//</subfield>
    <subfield code="j">278</subfield>
    <subfield code="i">56</subfield>
    <subfield code="k">2007</subfield>
    <subfield code="M">49HBZ_UDE</subfield>
    <subfield code="s">1</subfield>
    <subfield code="d">8</subfield>
    <subfield code="V">import</subfield>
    <subfield code="L">jedes Heft gilt als kompl Band</subfield>
    <subfield code="b">955092-260</subfield>
    <subfield code="a">23179395940006446</subfield>
    <subfield code="t">8</subfield>
    <subfield code="c">01 Z 546</subfield>
    <subfield code="q">Bd. 56 (2007), H. 278</subfield>
    <subfield code="W">2020-11-17 19:58:15</subfield>
    <subfield code="u">D0001</subfield>
    <subfield code="w">D0001</subfield>
  </datafield>
  <datafield tag="ITM" ind1=" " ind2=" ">
    <subfield code="H">22179396180006446</subfield>
    <subfield code="x">D00</subfield>
    <subfield code="f">ISSBD</subfield>
    <subfield code="v">D00</subfield>
    <subfield code="p">30</subfield>
    <subfield code="X">System</subfield>
    <subfield code="U">2007-02-12 10:59:00</subfield>
    <subfield code="Y">2021-04-07 16:05:59</subfield>
    <subfield code="h">false</subfield>
    <subfield code="e">00001</subfield>
    <subfield code="n">01Z546_d</subfield>
    <subfield code="P">33/d//</subfield>
    <subfield code="j">276/277</subfield>
    <subfield code="i">56</subfield>
    <subfield code="k">2007</subfield>
    <subfield code="M">49HBZ_UDE</subfield>
    <subfield code="s">1</subfield>
    <subfield code="d">8</subfield>
    <subfield code="V">import</subfield>
    <subfield code="L">jedes Heft gilt als kompl Band</subfield>
    <subfield code="b">955092-240</subfield>
    <subfield code="a">23179395950006446</subfield>
    <subfield code="t">8</subfield>
    <subfield code="c">01 Z 546</subfield>
    <subfield code="q">Bd. 56 (2007), H. 276/277</subfield>
    <subfield code="W">2020-11-17 19:58:15</subfield>
    <subfield code="u">D0001</subfield>
    <subfield code="w">D0001</subfield>
  </datafield>
  <datafield tag="ITM" ind1=" " ind2=" ">
    <subfield code="H">22179396180006446</subfield>
    <subfield code="x">D00</subfield>
    <subfield code="f">ISSBD</subfield>
    <subfield code="v">D00</subfield>
    <subfield code="p">30</subfield>
    <subfield code="X">System</subfield>
    <subfield code="U">2006-03-22 10:59:00</subfield>
    <subfield code="Y">2021-04-07 16:06:01</subfield>
    <subfield code="h">false</subfield>
    <subfield code="e">00001</subfield>
    <subfield code="n">01Z546_d</subfield>
    <subfield code="P">33/d//</subfield>
    <subfield code="j">271/272</subfield>
    <subfield code="i">55</subfield>
    <subfield code="k">2006</subfield>
    <subfield code="M">49HBZ_UDE</subfield>
    <subfield code="s">1</subfield>
    <subfield code="d">8</subfield>
    <subfield code="V">import</subfield>
    <subfield code="L">jedes Heft gilt als kompl Band</subfield>
    <subfield code="b">955092-200</subfield>
    <subfield code="a">23179396000006446</subfield>
    <subfield code="t">8</subfield>
    <subfield code="c">01 Z 546</subfield>
    <subfield code="q">2006 55  271/272</subfield>
    <subfield code="W">2020-11-17 19:58:15</subfield>
    <subfield code="u">D0001</subfield>
    <subfield code="w">D0001</subfield>
  </datafield>
  <datafield tag="ITM" ind1=" " ind2=" ">
    <subfield code="H">22179396180006446</subfield>
    <subfield code="x">D00</subfield>
    <subfield code="f">ISSBD</subfield>
    <subfield code="v">D00</subfield>
    <subfield code="p">30</subfield>
    <subfield code="X">System</subfield>
    <subfield code="U">2003-10-13 10:59:00</subfield>
    <subfield code="Y">2021-04-07 16:05:58</subfield>
    <subfield code="h">false</subfield>
    <subfield code="e">00001</subfield>
    <subfield code="n">01Z546_d</subfield>
    <subfield code="j">260</subfield>
    <subfield code="i">52</subfield>
    <subfield code="k">2003</subfield>
    <subfield code="M">49HBZ_UDE</subfield>
    <subfield code="s">1</subfield>
    <subfield code="d">8</subfield>
    <subfield code="V">import</subfield>
    <subfield code="L">jedes Heft gilt als kompl Band</subfield>
    <subfield code="b">955092-90</subfield>
    <subfield code="a">23179396070006446</subfield>
    <subfield code="t">8</subfield>
    <subfield code="c">01 Z 546</subfield>
    <subfield code="q">2003 52  260</subfield>
    <subfield code="W">2020-11-17 19:58:15</subfield>
    <subfield code="u">D0001</subfield>
    <subfield code="w">D0001</subfield>
  </datafield>
  <datafield tag="ITM" ind1=" " ind2=" ">
    <subfield code="H">22179396180006446</subfield>
    <subfield code="x">D00</subfield>
    <subfield code="f">ISSBD</subfield>
    <subfield code="v">D00</subfield>
    <subfield code="p">30</subfield>
    <subfield code="X">System</subfield>
    <subfield code="U">2002-06-25 10:59:00</subfield>
    <subfield code="Y">2021-04-07 16:06:00</subfield>
    <subfield code="h">false</subfield>
    <subfield code="e">00001</subfield>
    <subfield code="n">01Z546_d</subfield>
    <subfield code="j">253</subfield>
    <subfield code="i">51</subfield>
    <subfield code="k">2002</subfield>
    <subfield code="M">49HBZ_UDE</subfield>
    <subfield code="s">1</subfield>
    <subfield code="d">8</subfield>
    <subfield code="V">import</subfield>
    <subfield code="L">jedes Heft gilt als kompl Band</subfield>
    <subfield code="b">955092-30</subfield>
    <subfield code="a">23179396160006446</subfield>
    <subfield code="t">8</subfield>
    <subfield code="c">01 Z 546</subfield>
    <subfield code="q">Gesamtregister 1.1951-50.2001</subfield>
    <subfield code="W">2020-11-17 19:58:15</subfield>
    <subfield code="u">D0001</subfield>
    <subfield code="w">D0001</subfield>
  </datafield>
  <datafield tag="ITM" ind1=" " ind2=" ">
    <subfield code="H">22179396180006446</subfield>
    <subfield code="x">D00</subfield>
    <subfield code="f">ISSBD</subfield>
    <subfield code="v">D00</subfield>
    <subfield code="p">30</subfield>
    <subfield code="X">System</subfield>
    <subfield code="U">2002-03-19 10:59:00</subfield>
    <subfield code="Y">2021-04-07 16:05:55</subfield>
    <subfield code="h">false</subfield>
    <subfield code="e">00001</subfield>
    <subfield code="n">01Z546_d</subfield>
    <subfield code="j">252</subfield>
    <subfield code="i">51</subfield>
    <subfield code="k">2002</subfield>
    <subfield code="M">49HBZ_UDE</subfield>
    <subfield code="s">1</subfield>
    <subfield code="d">8</subfield>
    <subfield code="V">import</subfield>
    <subfield code="L">jedes Heft gilt als kompl Band</subfield>
    <subfield code="b">955092-20</subfield>
    <subfield code="a">23179396170006446</subfield>
    <subfield code="t">8</subfield>
    <subfield code="c">01 Z 546</subfield>
    <subfield code="q">2002 51  251/252</subfield>
    <subfield code="W">2020-11-17 19:58:15</subfield>
    <subfield code="u">D0001</subfield>
    <subfield code="w">D0001</subfield>
  </datafield>
  <datafield tag="ITM" ind1=" " ind2=" ">
    <subfield code="H">22179396180006446</subfield>
    <subfield code="x">D00</subfield>
    <subfield code="f">ISSBD</subfield>
    <subfield code="v">D00</subfield>
    <subfield code="p">30</subfield>
    <subfield code="X">System</subfield>
    <subfield code="U">2003-02-06 10:59:00</subfield>
    <subfield code="Y">2021-04-07 16:05:59</subfield>
    <subfield code="h">false</subfield>
    <subfield code="e">00001</subfield>
    <subfield code="n">01Z546_d</subfield>
    <subfield code="j">257</subfield>
    <subfield code="i">52</subfield>
    <subfield code="k">2003</subfield>
    <subfield code="M">49HBZ_UDE</subfield>
    <subfield code="s">1</subfield>
    <subfield code="d">8</subfield>
    <subfield code="V">import</subfield>
    <subfield code="L">jedes Heft gilt als kompl Band</subfield>
    <subfield code="b">955092-70</subfield>
    <subfield code="a">23179396100006446</subfield>
    <subfield code="t">8</subfield>
    <subfield code="c">01 Z 546</subfield>
    <subfield code="q">2003 52  256/257</subfield>
    <subfield code="W">2020-11-17 19:58:15</subfield>
    <subfield code="u">D0001</subfield>
    <subfield code="w">D0001</subfield>
  </datafield>
  <datafield tag="ITM" ind1=" " ind2=" ">
    <subfield code="H">22179396180006446</subfield>
    <subfield code="x">D00</subfield>
    <subfield code="f">ISSBD</subfield>
    <subfield code="v">D00</subfield>
    <subfield code="p">30</subfield>
    <subfield code="X">System</subfield>
    <subfield code="U">2005-11-04 10:59:00</subfield>
    <subfield code="Y">2021-04-07 16:05:59</subfield>
    <subfield code="h">false</subfield>
    <subfield code="e">00001</subfield>
    <subfield code="n">01Z546_d</subfield>
    <subfield code="P">33/d//</subfield>
    <subfield code="j">270</subfield>
    <subfield code="i">54</subfield>
    <subfield code="k">2005</subfield>
    <subfield code="M">49HBZ_UDE</subfield>
    <subfield code="s">1</subfield>
    <subfield code="d">8</subfield>
    <subfield code="V">import</subfield>
    <subfield code="L">jedes Heft gilt als kompl Band</subfield>
    <subfield code="b">955092-180</subfield>
    <subfield code="a">23179396010006446</subfield>
    <subfield code="t">8</subfield>
    <subfield code="c">01 Z 546</subfield>
    <subfield code="q">2005 54  270</subfield>
    <subfield code="W">2020-11-17 19:58:15</subfield>
    <subfield code="u">D0001</subfield>
    <subfield code="w">D0001</subfield>
  </datafield>
  <datafield tag="ITM" ind1=" " ind2=" ">
    <subfield code="H">22179396180006446</subfield>
    <subfield code="x">D00</subfield>
    <subfield code="f">ISSBD</subfield>
    <subfield code="v">D00</subfield>
    <subfield code="p">30</subfield>
    <subfield code="X">System</subfield>
    <subfield code="U">2005-07-06 10:59:00</subfield>
    <subfield code="Y">2021-04-07 16:05:57</subfield>
    <subfield code="h">false</subfield>
    <subfield code="e">00001</subfield>
    <subfield code="n">01Z546_d</subfield>
    <subfield code="P">33/d//</subfield>
    <subfield code="j">268</subfield>
    <subfield code="i">54</subfield>
    <subfield code="k">2005</subfield>
    <subfield code="M">49HBZ_UDE</subfield>
    <subfield code="s">1</subfield>
    <subfield code="d">8</subfield>
    <subfield code="V">import</subfield>
    <subfield code="L">jedes Heft gilt als kompl Band</subfield>
    <subfield code="b">955092-160</subfield>
    <subfield code="a">23179396020006446</subfield>
    <subfield code="t">8</subfield>
    <subfield code="c">01 Z 546</subfield>
    <subfield code="q">2005 54  268/269</subfield>
    <subfield code="W">2020-11-17 19:58:15</subfield>
    <subfield code="u">D0001</subfield>
    <subfield code="w">D0001</subfield>
  </datafield>
  <datafield tag="ITM" ind1=" " ind2=" ">
    <subfield code="H">22179396180006446</subfield>
    <subfield code="x">D00</subfield>
    <subfield code="f">ISSBD</subfield>
    <subfield code="v">D00</subfield>
    <subfield code="p">30</subfield>
    <subfield code="X">System</subfield>
    <subfield code="U">2004-06-23 10:59:00</subfield>
    <subfield code="Y">2021-04-07 16:05:58</subfield>
    <subfield code="h">false</subfield>
    <subfield code="e">00001</subfield>
    <subfield code="n">01Z546_d</subfield>
    <subfield code="P">33/d//</subfield>
    <subfield code="j">263</subfield>
    <subfield code="i">53</subfield>
    <subfield code="k">2004</subfield>
    <subfield code="M">49HBZ_UDE</subfield>
    <subfield code="s">1</subfield>
    <subfield code="d">8</subfield>
    <subfield code="V">import</subfield>
    <subfield code="L">jedes Heft gilt als kompl Band</subfield>
    <subfield code="b">955092-120</subfield>
    <subfield code="a">23179396050006446</subfield>
    <subfield code="t">8</subfield>
    <subfield code="c">01 Z 546</subfield>
    <subfield code="q">2004 53  263</subfield>
    <subfield code="W">2020-11-17 19:58:15</subfield>
    <subfield code="u">D0001</subfield>
    <subfield code="w">D0001</subfield>
  </datafield>
  <datafield tag="ITM" ind1=" " ind2=" ">
    <subfield code="H">22179396180006446</subfield>
    <subfield code="x">D00</subfield>
    <subfield code="f">ISSBD</subfield>
    <subfield code="v">D00</subfield>
    <subfield code="p">30</subfield>
    <subfield code="X">System</subfield>
    <subfield code="U">2004-02-02 10:59:00</subfield>
    <subfield code="Y">2021-04-07 16:05:59</subfield>
    <subfield code="h">false</subfield>
    <subfield code="e">00001</subfield>
    <subfield code="n">01Z546_d</subfield>
    <subfield code="P">33/d//</subfield>
    <subfield code="j">262</subfield>
    <subfield code="i">53</subfield>
    <subfield code="k">2004</subfield>
    <subfield code="M">49HBZ_UDE</subfield>
    <subfield code="s">1</subfield>
    <subfield code="d">8</subfield>
    <subfield code="V">import</subfield>
    <subfield code="L">jedes Heft gilt als kompl Band</subfield>
    <subfield code="b">955092-110</subfield>
    <subfield code="a">23179396060006446</subfield>
    <subfield code="t">8</subfield>
    <subfield code="c">01 Z 546</subfield>
    <subfield code="q">2004 53  261/262</subfield>
    <subfield code="W">2020-11-17 19:58:15</subfield>
    <subfield code="u">D0001</subfield>
    <subfield code="w">D0001</subfield>
  </datafield>
  <datafield tag="ITM" ind1=" " ind2=" ">
    <subfield code="H">22179396180006446</subfield>
    <subfield code="x">D00</subfield>
    <subfield code="f">ISSBD</subfield>
    <subfield code="v">D00</subfield>
    <subfield code="p">30</subfield>
    <subfield code="X">System</subfield>
    <subfield code="U">2003-07-08 10:59:00</subfield>
    <subfield code="Y">2021-04-07 16:05:59</subfield>
    <subfield code="h">false</subfield>
    <subfield code="e">00001</subfield>
    <subfield code="n">01Z546_d</subfield>
    <subfield code="j">259</subfield>
    <subfield code="i">52</subfield>
    <subfield code="k">2003</subfield>
    <subfield code="M">49HBZ_UDE</subfield>
    <subfield code="s">1</subfield>
    <subfield code="d">8</subfield>
    <subfield code="V">import</subfield>
    <subfield code="L">jedes Heft gilt als kompl Band</subfield>
    <subfield code="b">955092-80</subfield>
    <subfield code="a">23179396080006446</subfield>
    <subfield code="t">8</subfield>
    <subfield code="c">01 Z 546</subfield>
    <subfield code="q">2003 52  258/259</subfield>
    <subfield code="W">2020-11-17 19:58:15</subfield>
    <subfield code="u">D0001</subfield>
    <subfield code="w">D0001</subfield>
  </datafield>
  <datafield tag="ITM" ind1=" " ind2=" ">
    <subfield code="H">22179396180006446</subfield>
    <subfield code="x">D00</subfield>
    <subfield code="f">ISSBD</subfield>
    <subfield code="v">D00</subfield>
    <subfield code="p">30</subfield>
    <subfield code="X">System</subfield>
    <subfield code="U">2002-10-15 10:59:00</subfield>
    <subfield code="Y">2021-04-07 16:06:01</subfield>
    <subfield code="h">false</subfield>
    <subfield code="e">00001</subfield>
    <subfield code="n">01Z546_d</subfield>
    <subfield code="j">255</subfield>
    <subfield code="i">52</subfield>
    <subfield code="k">2003</subfield>
    <subfield code="M">49HBZ_UDE</subfield>
    <subfield code="s">1</subfield>
    <subfield code="d">8</subfield>
    <subfield code="V">import</subfield>
    <subfield code="L">jedes Heft gilt als kompl Band</subfield>
    <subfield code="b">955092-50</subfield>
    <subfield code="a">23179396120006446</subfield>
    <subfield code="t">8</subfield>
    <subfield code="c">01 Z 546</subfield>
    <subfield code="q">2002 51 255</subfield>
    <subfield code="W">2020-11-17 19:58:15</subfield>
    <subfield code="u">D0001</subfield>
    <subfield code="w">D0001</subfield>
  </datafield>
  <datafield tag="ITM" ind1=" " ind2=" ">
    <subfield code="H">22179396180006446</subfield>
    <subfield code="x">D00</subfield>
    <subfield code="f">ISSBD</subfield>
    <subfield code="v">D00</subfield>
    <subfield code="p">30</subfield>
    <subfield code="X">System</subfield>
    <subfield code="U">2005-02-15 10:59:00</subfield>
    <subfield code="Y">2021-04-07 16:06:00</subfield>
    <subfield code="h">false</subfield>
    <subfield code="e">00001</subfield>
    <subfield code="n">01Z546_d</subfield>
    <subfield code="P">33/d//</subfield>
    <subfield code="j">266/67</subfield>
    <subfield code="i">54</subfield>
    <subfield code="k">2005</subfield>
    <subfield code="M">49HBZ_UDE</subfield>
    <subfield code="s">1</subfield>
    <subfield code="d">8</subfield>
    <subfield code="V">import</subfield>
    <subfield code="L">jedes Heft gilt als kompl Band</subfield>
    <subfield code="b">955092-150</subfield>
    <subfield code="a">23179396030006446</subfield>
    <subfield code="t">8</subfield>
    <subfield code="c">01 Z 546</subfield>
    <subfield code="q">2005 54  266/267</subfield>
    <subfield code="W">2020-11-17 19:58:15</subfield>
    <subfield code="u">D0001</subfield>
    <subfield code="w">D0001</subfield>
  </datafield>
  <datafield tag="ITM" ind1=" " ind2=" ">
    <subfield code="H">22179396180006446</subfield>
    <subfield code="x">D00</subfield>
    <subfield code="f">ISSBD</subfield>
    <subfield code="v">D00</subfield>
    <subfield code="p">30</subfield>
    <subfield code="X">System</subfield>
    <subfield code="U">2004-10-12 10:59:00</subfield>
    <subfield code="Y">2021-04-07 16:06:01</subfield>
    <subfield code="h">false</subfield>
    <subfield code="e">00001</subfield>
    <subfield code="n">01Z546_d</subfield>
    <subfield code="P">33/d//</subfield>
    <subfield code="j">265</subfield>
    <subfield code="i">53</subfield>
    <subfield code="k">2004</subfield>
    <subfield code="M">49HBZ_UDE</subfield>
    <subfield code="s">1</subfield>
    <subfield code="d">8</subfield>
    <subfield code="V">import</subfield>
    <subfield code="L">jedes Heft gilt als kompl Band</subfield>
    <subfield code="b">955092-130</subfield>
    <subfield code="a">23179396040006446</subfield>
    <subfield code="t">8</subfield>
    <subfield code="c">01 Z 546</subfield>
    <subfield code="q">2004 53  264/265</subfield>
    <subfield code="W">2020-11-17 19:58:15</subfield>
    <subfield code="u">D0001</subfield>
    <subfield code="w">D0001</subfield>
  </datafield>
  <datafield tag="ITM" ind1=" " ind2=" ">
    <subfield code="H">22179396180006446</subfield>
    <subfield code="x">D00</subfield>
    <subfield code="f">ISSBD</subfield>
    <subfield code="v">D00</subfield>
    <subfield code="p">30</subfield>
    <subfield code="X">System</subfield>
    <subfield code="U">2002-06-25 10:59:00</subfield>
    <subfield code="Y">2021-04-07 16:05:56</subfield>
    <subfield code="h">false</subfield>
    <subfield code="e">00001</subfield>
    <subfield code="n">01Z546_d</subfield>
    <subfield code="j">254</subfield>
    <subfield code="i">51</subfield>
    <subfield code="k">2002</subfield>
    <subfield code="M">49HBZ_UDE</subfield>
    <subfield code="s">1</subfield>
    <subfield code="d">8</subfield>
    <subfield code="V">import</subfield>
    <subfield code="L">jedes Heft gilt als kompl Band</subfield>
    <subfield code="b">955092-40</subfield>
    <subfield code="a">23179396130006446</subfield>
    <subfield code="t">8</subfield>
    <subfield code="c">01 Z 546</subfield>
    <subfield code="q">2002 51  253/254</subfield>
    <subfield code="W">2020-11-17 19:58:15</subfield>
    <subfield code="u">D0001</subfield>
    <subfield code="w">D0001</subfield>
  </datafield>
  <datafield tag="ITM" ind1=" " ind2=" ">
    <subfield code="H">22179396180006446</subfield>
    <subfield code="x">D00</subfield>
    <subfield code="f">ISSBD</subfield>
    <subfield code="v">D00</subfield>
    <subfield code="p">30</subfield>
    <subfield code="X">System</subfield>
    <subfield code="U">2006-10-09 10:59:00</subfield>
    <subfield code="Y">2021-04-07 16:06:01</subfield>
    <subfield code="h">false</subfield>
    <subfield code="e">00001</subfield>
    <subfield code="n">01Z546_d</subfield>
    <subfield code="P">33/d//</subfield>
    <subfield code="j">274</subfield>
    <subfield code="i">55</subfield>
    <subfield code="k">2006</subfield>
    <subfield code="M">49HBZ_UDE</subfield>
    <subfield code="s">1</subfield>
    <subfield code="d">8</subfield>
    <subfield code="V">import</subfield>
    <subfield code="L">jedes Heft gilt als kompl Band</subfield>
    <subfield code="b">955092-220</subfield>
    <subfield code="a">23179395980006446</subfield>
    <subfield code="t">8</subfield>
    <subfield code="c">01 Z 546</subfield>
    <subfield code="q">2006 55  274/275</subfield>
    <subfield code="W">2020-11-17 19:58:15</subfield>
    <subfield code="u">D0001</subfield>
    <subfield code="w">D0001</subfield>
  </datafield>
  <datafield tag="ITM" ind1=" " ind2=" ">
    <subfield code="H">22179396180006446</subfield>
    <subfield code="x">D00</subfield>
    <subfield code="f">ISSBD</subfield>
    <subfield code="v">D00</subfield>
    <subfield code="p">30</subfield>
    <subfield code="X">System</subfield>
    <subfield code="U">2006-07-10 10:59:00</subfield>
    <subfield code="Y">2021-04-07 16:06:01</subfield>
    <subfield code="h">false</subfield>
    <subfield code="e">00001</subfield>
    <subfield code="n">01Z546_d</subfield>
    <subfield code="P">33/d//</subfield>
    <subfield code="j">273</subfield>
    <subfield code="i">55</subfield>
    <subfield code="k">2006</subfield>
    <subfield code="M">49HBZ_UDE</subfield>
    <subfield code="s">1</subfield>
    <subfield code="d">8</subfield>
    <subfield code="V">import</subfield>
    <subfield code="L">jedes Heft gilt als kompl Band</subfield>
    <subfield code="b">955092-210</subfield>
    <subfield code="a">23179395990006446</subfield>
    <subfield code="t">8</subfield>
    <subfield code="c">01 Z 546</subfield>
    <subfield code="q">2006 55  273</subfield>
    <subfield code="W">2020-11-17 19:58:15</subfield>
    <subfield code="u">D0001</subfield>
    <subfield code="w">D0001</subfield>
  </datafield>
  <datafield tag="H16" ind1="7" ind2=" ">
    <subfield code="a">215539-4</subfield>
    <subfield code="2">DE-600</subfield>
    <subfield code="8">22187587590006443</subfield>
  </datafield>
  <datafield tag="H35" ind1=" " ind2=" ">
    <subfield code="a">(DE-600)017009081</subfield>
    <subfield code="8">22187587590006443</subfield>
  </datafield>
  <datafield tag="H92" ind1=" " ind2=" ">
    <subfield code="a">401000-0</subfield>
    <subfield code="d">61</subfield>
    <subfield code="k">NRW</subfield>
    <subfield code="l">a</subfield>
    <subfield code="o">c</subfield>
    <subfield code="8">22187587590006443</subfield>
  </datafield>
  <datafield tag="H52" ind1="8" ind2="1">
    <subfield code="a">DE-61</subfield>
    <subfield code="b">X0001</subfield>
    <subfield code="c">01P</subfield>
    <subfield code="h">ger z c 050</subfield>
    <subfield code="8">22187587590006443</subfield>
  </datafield>
  <datafield tag="H59" ind1="0" ind2="0">
    <subfield code="8">1.1\x</subfield>
    <subfield code="a">1</subfield>
    <subfield code="i">1951</subfield>
    <subfield code="8">22187587590006443</subfield>
  </datafield>
  <datafield tag="H59" ind1="1" ind2="0">
    <subfield code="8">1.2\x</subfield>
    <subfield code="a">50</subfield>
    <subfield code="i">2001</subfield>
    <subfield code="8">22187587590006443</subfield>
  </datafield>
  <datafield tag="H59" ind1="0" ind2="0">
    <subfield code="8">2.1\x</subfield>
    <subfield code="a">56</subfield>
    <subfield code="i">2007</subfield>
    <subfield code="8">22187587590006443</subfield>
  </datafield>
  <datafield tag="H66" ind1="3" ind2="0">
    <subfield code="a">1.1951 - 50.2001; 56.2007,276-277</subfield>
    <subfield code="8">22187587590006443</subfield>
  </datafield>
  <datafield tag="HOL" ind1=" " ind2=" ">
    <subfield code="b">2020-11-16 15:01:13</subfield>
    <subfield code="8">22187587590006443</subfield>
    <subfield code="M">49HBZ_DUE</subfield>
    <subfield code="g">false</subfield>
    <subfield code="a">import</subfield>
  </datafield>
  <datafield tag="GST" ind1=" " ind2=" ">
    <subfield code="a">Bildende Kunst</subfield>
    <subfield code="A">GND</subfield>
    <subfield code="B">GND-041143337</subfield>
    <subfield code="C">450</subfield>
  </datafield>
  <datafield tag="GST" ind1=" " ind2=" ">
    <subfield code="a">Kunstdenkmal</subfield>
    <subfield code="g">Kunst</subfield>
    <subfield code="A">GND</subfield>
    <subfield code="B">GND-041143337</subfield>
    <subfield code="C">450</subfield>
  </datafield>
  <datafield tag="GSI" ind1="7" ind2=" ">
    <subfield code="a">http://d-nb.info/gnd/4114333-4</subfield>
    <subfield code="2">uri</subfield>
    <subfield code="A">GND</subfield>
    <subfield code="B">GND-041143337</subfield>
    <subfield code="C">024</subfield>
  </datafield>
  <datafield tag="GST" ind1=" " ind2=" ">
    <subfield code="a">Belletristik</subfield>
    <subfield code="A">GND</subfield>
    <subfield code="B">GND-040359646</subfield>
    <subfield code="C">450</subfield>
  </datafield>
  <datafield tag="GST" ind1=" " ind2=" ">
    <subfield code="a">Dichtung</subfield>
    <subfield code="A">GND</subfield>
    <subfield code="B">GND-040359646</subfield>
    <subfield code="C">450</subfield>
  </datafield>
  <datafield tag="GST" ind1=" " ind2=" ">
    <subfield code="a">Scho&#776;ne Literatur</subfield>
    <subfield code="A">GND</subfield>
    <subfield code="B">GND-040359646</subfield>
    <subfield code="C">450</subfield>
  </datafield>
  <datafield tag="GST" ind1=" " ind2=" ">
    <subfield code="a">Sprachkunst</subfield>
    <subfield code="A">GND</subfield>
    <subfield code="B">GND-040359646</subfield>
    <subfield code="C">450</subfield>
  </datafield>
  <datafield tag="GST" ind1=" " ind2=" ">
    <subfield code="a">Wortkunst</subfield>
    <subfield code="A">GND</subfield>
    <subfield code="B">GND-040359646</subfield>
    <subfield code="C">450</subfield>
  </datafield>
  <datafield tag="GSI" ind1="7" ind2=" ">
    <subfield code="a">http://d-nb.info/gnd/4035964-5</subfield>
    <subfield code="2">uri</subfield>
    <subfield code="A">GND</subfield>
    <subfield code="B">GND-040359646</subfield>
    <subfield code="C">024</subfield>
  </datafield>
  <datafield tag="GSI" ind1="7" ind2=" ">
    <subfield code="a">http://d-nb.info/gnd/4071653-3</subfield>
    <subfield code="2">uri</subfield>
    <subfield code="A">GND</subfield>
    <subfield code="B">GND-040716538</subfield>
    <subfield code="C">024</subfield>
  </datafield>
  <datafield tag="GST" ind1=" " ind2=" ">
    <subfield code="a">Bildende Kunst</subfield>
    <subfield code="A">GND</subfield>
    <subfield code="B">GND-041143337</subfield>
    <subfield code="C">450</subfield>
  </datafield>
  <datafield tag="GST" ind1=" " ind2=" ">
    <subfield code="a">Kunstdenkmal</subfield>
    <subfield code="g">Kunst</subfield>
    <subfield code="A">GND</subfield>
    <subfield code="B">GND-041143337</subfield>
    <subfield code="C">450</subfield>
  </datafield>
  <datafield tag="GSI" ind1="7" ind2=" ">
    <subfield code="a">http://d-nb.info/gnd/4114333-4</subfield>
    <subfield code="2">uri</subfield>
    <subfield code="A">GND</subfield>
    <subfield code="B">GND-041143337</subfield>
    <subfield code="C">024</subfield>
  </datafield>
  <datafield tag="GST" ind1=" " ind2=" ">
    <subfield code="a">Periodikum</subfield>
    <subfield code="A">GND-CONTENT</subfield>
    <subfield code="B">GND-040674886</subfield>
    <subfield code="C">450</subfield>
  </datafield>
  <datafield tag="GST" ind1=" " ind2=" ">
    <subfield code="a">Zeitschriften</subfield>
    <subfield code="A">GND-CONTENT</subfield>
    <subfield code="B">GND-040674886</subfield>
    <subfield code="C">450</subfield>
  </datafield>
  <datafield tag="GSI" ind1="7" ind2=" ">
    <subfield code="a">http://d-nb.info/gnd/4067488-5</subfield>
    <subfield code="2">uri</subfield>
    <subfield code="A">GND-CONTENT</subfield>
    <subfield code="B">GND-040674886</subfield>
    <subfield code="C">024</subfield>
  </datafield>
</record>